2892 4942
333 317 391 400 μ
610 278 1169 404 orarum¹

337 492 508 575 exemplum
538 504 643 557 autem
669 510 806 573 eorum,
837 512 1191 581 quorummagnaeu
1222 505 1258 572 iu

334 604 461 672 civitate
486 604 681 685 auctoritas,
701 607 796 672 ceteri
820 626 929 672 omnes
956 608 1189 693 secompnnere
1206 614 1255 680 lo·

332 723 399 789 lent
437 736 535 804 atque
575 722 801 824 conformare,
841 743 952 808 quos,
983 726 1128 809 quaeso,
1157 731 1254 814 magis

333 856 478 927 oporteat
504 843 543 910 ab
570 844 705 930 impuris
731 865 768 914 ac
790 843 952 931 flagitium
968 846 1257 940 perturbationibus

332 975 531 1043 temperare,
562 976 658 1042 quarn
690 957 830 1025 summos
853 935 1050 1041 magistratus
1081 979 1119 1027 ac
1143 939 1258 1041 princi-

331 1074 414 1159 pes?
450 1072 566 1142 'Abiis
584 1072 667 1138 enirn
693 1086 762 1139 orta
787 1072 874 1138 labes
894 1069 1083 1156 contagione
1100 1062 1255 1166 populum

329 1191 410 1258 solet
433 1187 557 1256 inficere
588 1188 680 1256 &ad
697 1203 848 1271 posteros
865 1186 1026 1256 funestior
1050 1187 1083 1253 ln
1108 1190 1176 1256 dies
1193 1207 1260 1266 ma·

329 1326 415 1374 nare.
458 1305 671 1394 Quamobrem
689 1303 877 1385 quicunque
903 1301 1031 1369 summis
1063 1283 1258 1392 reipublicae

326 1420 512 1490 honoribus
528 1418 658 1506 dignum
681 1416 712 1484 se
729 1416 882 1500 praestate
907 1417 997 1500 cupit
1021 1407 1191 1497 veramque
1211 1414 1262 1504 fef

331 1537 484 1622 licitatem
511 1532 635 1616 populo
654 1530 775 1612 fibique
795 1553 928 1615 parare,
950 1536 1014 1628 jam
1042 1556 1061 1601 a
1084 1533 1264 1628 primoliu.

332 1768 450 1833 bellum
467 1760 588 1826 indicat
604 1776 771 1842 castraque
786 1779 932 1844 opponat
950 1763 1142 1829 firmissuna:
1163 1784 1261 1848 quam

332 1879 464 1948 adrem
491 1874 602 1958 utique
630 1873 751 1957 egregie
773 1892 990 1957 comparatum
1015 1892 1085 1960 est,
1108 1880 1198 1961 quod
1223 1880 1268 1964 ii·‚

224 1985 229 1998 ¹
333 1997 403 2060 dem
425 1989 592 2072 scriptores
622 2001 741 2052 veteres
768 1988 924 2058 utilissimi
948 1990 1041 2068 sunt,
1066 2012 1148 2069 quos
1173 1994 1265 2073 pram·¹

333 2124 381 2178 ter
400 2106 439 2173 ad
464 2103 647 2188 poliendum
681 2102 841 2191 ingenium
872 2104 1110 2194 doetrinamque
1140 2109 1259 2190 juvan-

333 2223 405 2290 dam
425 2234 488 2287 tam
507 2221 684 2304 praeclaros
707 2218 1050 2308 eslecommonstravi,
1091 2222 1170 2286 Non
1185 2237 1258 2291 tan.

332 2354 424 2421 tum,
454 2350 490 2403 ut
522 2337 718 2420 pauloante
746 2337 920 2418 dicebam,
950 2337 1089 2422 ipsorum
1114 2353 1258 2418 veterum

334 2449 528 2541 pomulorum
563 2452 715 2534 historia,
744 2454 846 2519 abiis
872 2446 1074 2540 conliguata,
1104 2476 1169 2522 nou
1191 2472 1261 2525 tarr·

334 2586 402 2646 tum
420 2589 550 2650 eorum,
574 2573 633 2653 qui
658 2571 697 2637 de
720 2573 834 2638 officiis
850 2572 1026 2655 singulatim
1043 2577 1258 2654 peculiaribus

333 2686 425 2753 libris
449 2685 676 2770 exposuerunt,
698 2682 751 2745 sed
776 2684 916 2748 omnium
941 2684 1005 2749 fere
1020 2671 1154 2768 scripta,
1177 2710 1260 2770 quae

336 2808 376 2896 ad
402 2821 541 2874 nostram
566 2810 694 2865 aetatem
719 2813 948 2880 pervenerunt,
978 2806 1145 2883 poitarunn
1174 2828 1257 2891 quo.

336 2942 398 3001 que
425 2920 560 2985 cannino
583 2911 614 2977 δι
638 2907 784 2992 fabulae,
817 2911 1002 2997 ubicunque
1027 2919 1144 2986 realta
1171 2921 1263 3008 fert,¹

334 3032 511 3126 praeceptis
528 3030 659 3099 affluunt
675 3026 706 3092 ba
722 3028 884 3124 exemplis*
895 3048 958 3095 uon
977 3031 1076 3097 modo
1094 3052 1160 3098 non
1178 3054 1259 3123 con·

303 3209 305 3213 ,
331 3141 529 3231 temnendis,
551 3141 603 3222 led
620 3140 790 3223 praecipua
815 3145 1092 3220 commendatione
1114 3147 1260 3232 diguisfi.

331 3260 404 3336 mis.
451 3261 495 3330 At
519 3256 572 3326 hic
602 3256 696 3325 audio
730 3258 885 3341 quosdam
919 3277 994 3329 nota
1021 3264 1152 3331 crimina
1176 3268 1260 3353 obji-

333 3380 473 3460 cientes,
497 3360 614 3461 quibus
638 3380 781 3443 austures
804 3377 1008 3466 illi,7p0'estae
1032 3382 1166 3448 maxime
1184 3404 1255 3468 pre·

331 3495 377 3570 uri
399 3495 520 3575 solent,
543 3508 692 3576 tauquam
721 3492 744 3559 sr
767 3494 960 3578 juvenilibus
986 3496 1160 3584 praesertim
1188 3499 1259 3564 ani*
1293 3513 1296 3520 ’

333 3610 393 3688 mis
411 3606 500 3675 valde
517 3604 575 3673 srnt
595 3608 682 3677 noxii
706 3623 801 3689 atque
824 3609 902 3674 adeo
926 3611 1079 3693 pestiferi·
1121 3612 1253 3694 Adxbos

334 3743 434 3810 autem
467 3720 650 3796 refutandos
690 3742 754 3792 non
795 3724 903 3820 multis
941 3727 1044 3799 verbis
1076 3747 1159 3816 opus
1191 3743 1251 3808 est.

1118 3838 1245 3908 Etenim

239 3944 243 3956 r
339 3931 345 3938 ¹
431 3909 438 3942 l
543 3955 549 3960 ⁵
